<?xml version="1.0" encoding="UTF-8"?><collection xmlns="http://www.loc.gov/MARC21/slim"><record><leader>00377nam--2200145-i-4500</leader><controlfield tag="001">000030683</controlfield><controlfield tag="002">20161230</controlfield><controlfield tag="005">20161230201038</controlfield><controlfield tag="008">060222s1000------------r-----000-0-eng-d</controlfield><datafield ind1=" " ind2=" " tag="080"><subfield code="a">543.544.25</subfield></datafield><datafield ind1=" " ind2=" " tag="245"><subfield code="a">Gas chromatography 1966.proceedings</subfield></datafield><datafield ind1=" " ind2=" " tag="260"><subfield code="a">London, The Institute Of Petroleum, 1967. Xii+464p</subfield></datafield><datafield ind1=" " ind2=" " tag="490"><subfield code="a">Proceedings</subfield></datafield><datafield ind1=" " ind2=" " tag="700"><subfield code="a">Littlewood, A.B</subfield></datafield><datafield ind1=" " ind2=" " tag="852"><subfield code="a">27162</subfield></datafield></record></collection>